<record><leader>00000cas a22000007a 4500</leader><controlfield tag="001">20715844</controlfield><controlfield tag="008">891130d18881890coucr ne      0    0eng d</controlfield><datafield ind1=" " ind2=" " tag="010"><subfield code="a">sn 89052307 </subfield></datafield><datafield ind1=" " ind2=" " tag="040"><subfield code="a">CNQ</subfield><subfield code="b">eng</subfield><subfield code="c">CNQ</subfield><subfield code="d">OCL</subfield><subfield code="d">OCLCQ</subfield></datafield><datafield ind1=" " ind2=" " tag="019"><subfield code="a">22468189</subfield><subfield code="a">22468274</subfield></datafield><datafield ind1=" " ind2=" " tag="042"><subfield code="a">msc</subfield></datafield><datafield ind1="0" ind2=" " tag="130"><subfield code="a">Salida news (Salida, Colo. : 1888)</subfield></datafield><datafield ind1="1" ind2="0" tag="245"><subfield code="a">Salida news.</subfield></datafield><datafield ind1="1" ind2="7" tag="246"><subfield code="a">Salida semi-weekly news</subfield></datafield><datafield ind1="3" ind2="0" tag="246"><subfield code="a">Salida daily news</subfield></datafield><datafield ind1=" " ind2=" " tag="260"><subfield code="a">Salida, Colo. :</subfield><subfield code="b">A.R. Pelton</subfield></datafield><datafield ind1=" " ind2=" " tag="300"><subfield code="a">v.</subfield></datafield><datafield ind1=" " ind2=" " tag="310"><subfield code="a">Semiweekly,</subfield><subfield code="b">July 22, 1889-Jan. 9, 1890</subfield></datafield><datafield ind1=" " ind2=" " tag="321"><subfield code="a">Semiweekly,</subfield><subfield code="b">Jan. 9, 1888-Mar. 28, 1889</subfield></datafield><datafield ind1=" " ind2=" " tag="321"><subfield code="a">Daily (except Mon.),</subfield><subfield code="b">Apr. 3, 1889-July 17, 1889</subfield></datafield><datafield ind1="0" ind2=" " tag="362"><subfield code="a">Vol. 6, no. 1362 (Jan. 9, 1888)-v. 10, no. 1634 (Jan. 9, 1890).</subfield></datafield><datafield ind1=" " ind2=" " tag="500"><subfield code="a">Published as: Salida daily news, Apr. 3, 1889-July 17,1889.</subfield></datafield><datafield ind1=" " ind2=" " tag="515"><subfield code="a">Issues for Apr. 3, 1889-July 17,1889 numbered Vol. 1, no. 2-v. 1, no. 92.</subfield></datafield><datafield ind1=" " ind2=" " tag="530"><subfield code="a">Available on microfilm from the Colorado Historical Society.</subfield></datafield><datafield ind1=" " ind2=" " tag="752"><subfield code="a">United States</subfield><subfield code="b">Colorado</subfield><subfield code="c">Chaffee</subfield><subfield code="d">Salida.</subfield></datafield><datafield ind1="0" ind2="0" tag="780"><subfield code="t">Salida daily news</subfield><subfield code="w">(DLC)sn 85067447</subfield></datafield><datafield ind1="0" ind2="0" tag="785"><subfield code="t">Salida semi-weekly news</subfield><subfield code="w">(DLC)sn 89052308</subfield></datafield></record>